<record><leader>00000cas a22000007a 4500</leader><controlfield tag="001">11314282</controlfield><controlfield tag="008">841026c19049999nvuwr ne      0   a0eng d</controlfield><datafield ind1=" " ind2=" " tag="010"><subfield code="a">sn 84001718 </subfield></datafield><datafield ind1=" " ind2=" " tag="040"><subfield code="a">NSD</subfield><subfield code="b">eng</subfield><subfield code="c">NSD</subfield><subfield code="d">NNX</subfield><subfield code="d">CNK</subfield><subfield code="d">OCLCQ</subfield></datafield><datafield ind1=" " ind2=" " tag="012"><subfield code="j">0</subfield><subfield code="l">1</subfield></datafield><datafield ind1=" " ind2=" " tag="019"><subfield code="a">990541145</subfield></datafield><datafield ind1="1" ind2=" " tag="022"><subfield code="a">8755-4631</subfield><subfield code="l">8755-4631</subfield><subfield code="2">1</subfield></datafield><datafield ind1="1" ind2=" " tag="029"><subfield code="a">AU@</subfield><subfield code="b">000045278291</subfield></datafield><datafield ind1="1" ind2=" " tag="029"><subfield code="a">NZ1</subfield><subfield code="b">16076174</subfield></datafield><datafield ind1=" " ind2=" " tag="032"><subfield code="a">457540</subfield><subfield code="b">USPS</subfield></datafield><datafield ind1=" " ind2=" " tag="042"><subfield code="a">nsdp</subfield></datafield><datafield ind1="0" ind2=" " tag="130"><subfield code="a">Record-courier (Gardnerville, Nev.)</subfield></datafield><datafield ind1=" " ind2="4" tag="222"><subfield code="a">The Record-courier</subfield><subfield code="b">(Gardnerville, Nev.)</subfield></datafield><datafield ind1="1" ind2="4" tag="245"><subfield code="a">The Record-courier.</subfield></datafield><datafield ind1=" " ind2=" " tag="260"><subfield code="a">Gardnerville, Nev. :</subfield><subfield code="b">C.E. Southworth,</subfield><subfield code="c">1904-</subfield></datafield><datafield ind1=" " ind2=" " tag="300"><subfield code="a">v. :</subfield><subfield code="b">ill.</subfield></datafield><datafield ind1=" " ind2=" " tag="310"><subfield code="a">Weekly</subfield></datafield><datafield ind1="0" ind2=" " tag="362"><subfield code="a">Vol. 24, no. 8 (Apr. 8, 1904)-</subfield></datafield><datafield ind1=" " ind2=" " tag="500"><subfield code="a">Title varies slightly: Record courier, Nov. 19, 1964-Jan. 28, 1965.</subfield></datafield><datafield ind1=" " ind2=" " tag="500"><subfield code="a">Publisher: Nov. 11, 1904-Mar. 30, 1906, Ezell &amp; Selkirk; Apr. 6, 1906-July 20, 1906, J.M. Ezell; July 27, 1906-Aug. 10, 1906, L. Ezell; Aug. 17, 1906-Dec. 14, 1906, G. Springmeyer; Dec. 21, 1906-Dec. 27, 1907, H.H. Springmeyer; Jan. 3, 1908-Nov. 28, 1930, B. Selkirk; Dec. 5, 1930-May 30, 1958, Record-Courier Printing Co.; June 3, 1958-Oct. 28, 1965, J.A. McDermott; Nov. 5, 1965-Jan. 13, 1966, T. Payton &amp; T. Dickinson; Jan. 20, 1966-Jan. 29, 1970, Douglas County Pub. Co.; Feb. 5. 1970-Aug. 5, 1976, Carson Valley Pub. Co.; Aug. 12, 1976-, D. Woodward.</subfield></datafield><datafield ind1=" " ind2=" " tag="515"><subfield code="a">Frequent misnumbering.</subfield></datafield><datafield ind1=" " ind2=" " tag="525"><subfield code="a">Supplements accompany some issues.</subfield></datafield><datafield ind1=" " ind2=" " tag="752"><subfield code="a">United States</subfield><subfield code="b">Nevada</subfield><subfield code="c">Douglas</subfield><subfield code="d">Gardnerville.</subfield></datafield><datafield ind1="0" ind2="4" tag="780"><subfield code="t">Courier (Gardnerville, Nev.)</subfield><subfield code="w">(DLC)sn 86091326</subfield><subfield code="w">(OCoLC)13433150</subfield></datafield><datafield ind1="0" ind2="4" tag="780"><subfield code="t">Record (Gardnerville, Nev.)</subfield><subfield code="w">(DLC)sn 86076322</subfield><subfield code="w">(OCoLC)13956486</subfield></datafield><datafield ind1=" " ind2=" " tag="936"><subfield code="a">Oct. 11, 1984</subfield></datafield></record>